<record><leader>00000cas a22000007a 4500</leader><controlfield tag="001">12036542</controlfield><controlfield tag="008">850515d186118uuohuwr ne      0    0eng d</controlfield><datafield ind1=" " ind2=" " tag="010"><subfield code="a">sn 85026110 </subfield></datafield><datafield ind1=" " ind2=" " tag="040"><subfield code="a">NPX</subfield><subfield code="b">eng</subfield><subfield code="c">NPX</subfield><subfield code="d">ONP</subfield><subfield code="d">OCLCQ</subfield></datafield><datafield ind1=" " ind2=" " tag="042"><subfield code="a">msc</subfield></datafield><datafield ind1="0" ind2="4" tag="245"><subfield code="a">The Logan record and monitor.</subfield></datafield><datafield ind1=" " ind2=" " tag="260"><subfield code="a">Logan, Ohio :</subfield><subfield code="b">Scott &amp; Son,</subfield><subfield code="c">1861-</subfield></datafield><datafield ind1=" " ind2=" " tag="300"><subfield code="a">v.</subfield></datafield><datafield ind1=" " ind2=" " tag="310"><subfield code="a">Weekly</subfield></datafield><datafield ind1="0" ind2=" " tag="362"><subfield code="a">Vol. 1, no. 1 (Jan. 24, 1861)-</subfield></datafield><datafield ind1=" " ind2=" " tag="752"><subfield code="a">United States</subfield><subfield code="b">Ohio</subfield><subfield code="c">Hocking</subfield><subfield code="d">Logan.</subfield></datafield><datafield ind1="0" ind2="4" tag="780"><subfield code="t">Hocking Valley Republican (Logan, Ohio : 1855)</subfield><subfield code="w">(DLC)sn 87075040</subfield></datafield><datafield ind1="0" ind2="4" tag="780"><subfield code="t">Republican press (Logan, Ohio)</subfield></datafield></record>